<record><leader>00000cas a22000007a 4500</leader><controlfield tag="001">11287307</controlfield><controlfield tag="008">841019d1894189ualuwr ne      0   a0eng d</controlfield><datafield ind1=" " ind2=" " tag="010"><subfield code="a">sn 85044515 </subfield></datafield><datafield ind1=" " ind2=" " tag="040"><subfield code="a">AAA</subfield><subfield code="b">eng</subfield><subfield code="c">AAA</subfield><subfield code="d">CPN</subfield><subfield code="d">OCLCQ</subfield><subfield code="d">AAM</subfield><subfield code="d">OCLCQ</subfield><subfield code="d">OCLCF</subfield><subfield code="d">OCLCO</subfield></datafield><datafield ind1="1" ind2=" " tag="029"><subfield code="a">AU@</subfield><subfield code="b">000025826750</subfield></datafield><datafield ind1=" " ind2=" " tag="042"><subfield code="a">msc</subfield></datafield><datafield ind1=" " ind2=" " tag="043"><subfield code="a">n-us-al</subfield></datafield><datafield ind1="0" ind2="0" tag="245"><subfield code="a">Henry County midland.</subfield></datafield><datafield ind1=" " ind2=" " tag="260"><subfield code="a">Headland, Ala. :</subfield><subfield code="b">Thomas H. Jernigan and Britt Grouby,</subfield><subfield code="c">1894-</subfield></datafield><datafield ind1=" " ind2=" " tag="300"><subfield code="a">v. :</subfield><subfield code="b">ill.</subfield></datafield><datafield ind1=" " ind2=" " tag="310"><subfield code="a">Weekly</subfield></datafield><datafield ind1="0" ind2=" " tag="362"><subfield code="a">Vol. 1, no. 1 (Mar. 8, 1894)-</subfield></datafield><datafield ind1=" " ind2=" " tag="500"><subfield code="a">"The farmer's friend; the merchant's medium; the mechanic's mouthpiece; the professional man's portfolio."</subfield></datafield><datafield ind1=" " ind2=" " tag="500"><subfield code="a">Editors: Thomas H. Jernigan, Mar. 8-May 25, 1894; Major B. Byrd, June 1, 1894-</subfield></datafield><datafield ind1=" " ind2=" " tag="500"><subfield code="a">Publishers: Thomas H. Jernigan and Britt Grouby, Mar. 8-Mar. 30, 1894; Grouby &amp; Co., April 6-May 25, 1894; Major B. Byrd, June 1, 1894-</subfield></datafield><datafield ind1=" " ind2="0" tag="651"><subfield code="a">Headland (Ala.)</subfield><subfield code="v">Newspapers.</subfield></datafield><datafield ind1=" " ind2="7" tag="655"><subfield code="a">Newspapers.</subfield><subfield code="2">fast</subfield><subfield code="0">(OCoLC)fst01423814</subfield></datafield><datafield ind1=" " ind2="7" tag="651"><subfield code="a">Alabama</subfield><subfield code="z">Headland.</subfield><subfield code="2">fast</subfield><subfield code="0">(OCoLC)fst01224314</subfield></datafield><datafield ind1=" " ind2=" " tag="752"><subfield code="a">United States</subfield><subfield code="b">Alabama</subfield><subfield code="c">Henry</subfield><subfield code="d">Headland.</subfield></datafield></record>